
@Article{	  oosterkamp_photon_1999,
  title		= {Photon {Assisted} {Tunneling} in {Quantum} {Dots}},
  volume	= {9904359},
  url		= {http://citeseerx.ist.psu.edu/viewdoc/download?doi=10.1.1.305.5850&rep=rep1&type=pdf},
  urldate	= {2014-04-25},
  journal	= {arXiv: cond-mat},
  author	= {OOSTERKAMP, T. and VAN DER WIEL, W. and DeFRANCESCHI, S.
		  and Harmans, CJPM and KOUWENHOVEN, L.},
  year		= {1999}
}

@Article{	  levy_universal_2002,
  title		= {Universal {Quantum} {Computation} with {Spin}- 1 / 2
		  {Pairs} and {Heisenberg} {Exchange}},
  volume	= {89},
  issn		= {0031-9007, 1079-7114},
  url		= {http://link.aps.org/doi/10.1103/PhysRevLett.89.147902},
  doi		= {10.1103/PhysRevLett.89.147902},
  language	= {en},
  number	= {14},
  urldate	= {2015-06-22},
  journal	= {Physical Review Letters},
  author	= {Levy, Jeremy},
  month		= sep,
  year		= {2002}
}

@Article{	  oiwa_conversion_2017,
  title		= {Conversion from {Single} {Photon} to {Single} {Electron}
		  {Spin} {Using} {Electrically} {Controllable} {Quantum}
		  {Dots}},
  volume	= {86},
  issn		= {0031-9015, 1347-4073},
  url		= {http://journals.jps.jp/doi/10.7566/JPSJ.86.011008},
  doi		= {10.7566/JPSJ.86.011008},
  language	= {en},
  number	= {1},
  urldate	= {2017-03-10},
  journal	= {Journal of the Physical Society of Japan},
  author	= {Oiwa, Akira and Fujita, Takafumi and Kiyama, Haruki and
		  Allison, Giles and Ludwig, Arne and Wieck, Andreas D. and
		  Tarucha, Seigo},
  month		= jan,
  year		= {2017},
  pages		= {011008}
}

@Article{	  hanson_spins_2007,
  title		= {Spins in few-electron quantum dots},
  volume	= {79},
  issn		= {0034-6861, 1539-0756},
  url		= {https://link.aps.org/doi/10.1103/RevModPhys.79.1217},
  doi		= {10.1103/RevModPhys.79.1217},
  language	= {en},
  number	= {4},
  urldate	= {2017-04-09},
  journal	= {Reviews of Modern Physics},
  author	= {Hanson, R. and Kouwenhoven, L. P. and Petta, J. R. and
		  Tarucha, S. and Vandersypen, L. M. K.},
  month		= oct,
  year		= {2007},
  pages		= {1217--1265}
}

@Article{	  van_der_wiel_electron_2002,
  title		= {Electron transport through double quantum dots},
  volume	= {75},
  url		= {https://journals.aps.org/rmp/abstract/10.1103/RevModPhys.75.1},
  number	= {1},
  urldate	= {2017-04-09},
  journal	= {Reviews of Modern Physics},
  author	= {Van der Wiel, Wilfred G. and De Franceschi, Silvano and
		  Elzerman, Jeroen M. and Fujisawa, Toshimasa and Tarucha,
		  Seigo and Kouwenhoven, Leo P.},
  year		= {2002},
  pages		= {1}
}

@Article{	  schliemann_electron_2003,
  title		= {Electron spin dynamics in quantum dots and related
		  nanostructures due to hyperfine interaction with nuclei},
  volume	= {15},
  issn		= {0953-8984, 1361-648X},
  url		= {http://stacks.iop.org/0953-8984/15/i=50/a=R01?key=crossref.ae5d972c0d985f78fdff7777e2fa3b4b},
  doi		= {10.1088/0953-8984/15/50/R01},
  number	= {50},
  urldate	= {2017-04-11},
  journal	= {Journal of Physics: Condensed Matter},
  author	= {Schliemann, John and Khaetskii, Alexander and Loss,
		  Daniel},
  month		= dec,
  year		= {2003},
  pages		= {R1809--R1833}
}

@Article{	  kloeffel_prospects_2013,
  title		= {Prospects for {Spin}-{Based} {Quantum} {Computing} in
		  {Quantum} {Dots}},
  volume	= {4},
  issn		= {1947-5454, 1947-5462},
  url		= {http://www.annualreviews.org/doi/10.1146/annurev-conmatphys-030212-184248},
  doi		= {10.1146/annurev-conmatphys-030212-184248},
  language	= {en},
  number	= {1},
  urldate	= {2017-04-09},
  journal	= {Annual Review of Condensed Matter Physics},
  author	= {Kloeffel, Christoph and Loss, Daniel},
  month		= apr,
  year		= {2013},
  pages		= {51--81}
}

@Article{	  khaetskii_spin-flip_2001,
  title		= {Spin-flip transitions between {Zeeman} sublevels in
		  semiconductor quantum dots},
  volume	= {64},
  issn		= {0163-1829, 1095-3795},
  url		= {https://link.aps.org/doi/10.1103/PhysRevB.64.125316},
  doi		= {10.1103/PhysRevB.64.125316},
  language	= {en},
  number	= {12},
  urldate	= {2017-08-30},
  journal	= {Physical Review B},
  author	= {Khaetskii, Alexander V. and Nazarov, Yuli V.},
  month		= sep,
  year		= {2001}
}

@Article{	  cottet_cavity_2017,
  title		= {Cavity {QED} with hybrid nanocircuits: from atomic-like
		  physics to condensed matter phenomena},
  volume	= {29},
  issn		= {0953-8984, 1361-648X},
  shorttitle	= {Cavity {QED} with hybrid nanocircuits},
  url		= {http://stacks.iop.org/0953-8984/29/i=43/a=433002?key=crossref.f8ce2c6ac32ae5d10535da5e30e94929},
  doi		= {10.1088/1361-648X/aa7b4d},
  number	= {43},
  urldate	= {2017-11-24},
  journal	= {Journal of Physics: Condensed Matter},
  author	= {Cottet, Audrey and Dartiailh, Matthieu C and Desjardins,
		  Matthieu M and Cubaynes, Tino and Contamin, Lauriane C and
		  Delbecq, Matthieu and Viennot, J{\'e}r{\'e}mie J and
		  Bruhat, Laure E and Dou{\c c}ot, Benoit and Kontos, Takis},
  month		= nov,
  year		= {2017},
  pages		= {433002}
}

@Article{	  voisin_electrical_2016,
  title		= {Electrical {Control} of \textit{g} -{Factor} in a
		  {Few}-{Hole} {Silicon} {Nanowire} {MOSFET}},
  volume	= {16},
  issn		= {1530-6984, 1530-6992},
  url		= {http://pubs.acs.org/doi/10.1021/acs.nanolett.5b02920},
  doi		= {10.1021/acs.nanolett.5b02920},
  language	= {en},
  number	= {1},
  urldate	= {2017-11-29},
  journal	= {Nano Letters},
  author	= {Voisin, B. and Maurand, R. and Barraud, S. and Vinet, M.
		  and Jehl, X. and Sanquer, M. and Renard, J. and De
		  Franceschi, S.},
  month		= jan,
  year		= {2016},
  pages		= {88--92}
}

@Article{	  ono_current_2002,
  title		= {Current {Rectification} by {Pauli} {Exclusion} in a
		  {Weakly} {Coupled} {Double} {Quantum} {Dot} {System}},
  volume	= {297},
  issn		= {00368075, 10959203},
  url		= {http://www.sciencemag.org/cgi/doi/10.1126/science.1070958},
  doi		= {10.1126/science.1070958},
  number	= {5585},
  urldate	= {2017-12-20},
  journal	= {Science},
  author	= {Ono, K. and Austing, D. G. and Tokura, Y. and Tarucha,
		  S.},
  month		= aug,
  year		= {2002},
  pages		= {1313--1317}
}

@Article{	  merkulov_electron_2002,
  title		= {Electron spin relaxation by nuclei in semiconductor
		  quantum dots},
  volume	= {65},
  issn		= {0163-1829, 1095-3795},
  url		= {https://link.aps.org/doi/10.1103/PhysRevB.65.205309},
  doi		= {10.1103/PhysRevB.65.205309},
  language	= {en},
  number	= {20},
  urldate	= {2017-12-22},
  journal	= {Physical Review B},
  author	= {Merkulov, I. A. and Efros, Al. L. and Rosen, M.},
  month		= apr,
  year		= {2002}
}

@Article{	  khaetskii_electron_2002,
  title		= {Electron {Spin} {Decoherence} in {Quantum} {Dots} due to
		  {Interaction} with {Nuclei}},
  volume	= {88},
  issn		= {0031-9007, 1079-7114},
  url		= {https://link.aps.org/doi/10.1103/PhysRevLett.88.186802},
  doi		= {10.1103/PhysRevLett.88.186802},
  language	= {en},
  number	= {18},
  urldate	= {2017-12-22},
  journal	= {Physical Review Letters},
  author	= {Khaetskii, Alexander V. and Loss, Daniel and Glazman,
		  Leonid},
  month		= apr,
  year		= {2002}
}

@Article{	  reilly_fast_2007,
  title		= {Fast single-charge sensing with a rf quantum point
		  contact},
  volume	= {91},
  issn		= {0003-6951, 1077-3118},
  url		= {http://aip.scitation.org/doi/10.1063/1.2794995},
  doi		= {10.1063/1.2794995},
  language	= {en},
  number	= {16},
  urldate	= {2018-01-31},
  journal	= {Applied Physics Letters},
  author	= {Reilly, D. J. and Marcus, C. M. and Hanson, M. P. and
		  Gossard, A. C.},
  month		= oct,
  year		= {2007},
  pages		= {162101}
}

@Article{	  colless_dispersive_2013,
  title		= {Dispersive {Readout} of a {Few}-{Electron} {Double}
		  {Quantum} {Dot} with {Fast} rf {Gate} {Sensors}},
  volume	= {110},
  issn		= {0031-9007, 1079-7114},
  url		= {https://link.aps.org/doi/10.1103/PhysRevLett.110.046805},
  doi		= {10.1103/PhysRevLett.110.046805},
  language	= {en},
  number	= {4},
  urldate	= {2018-01-31},
  journal	= {Physical Review Letters},
  author	= {Colless, J. I. and Mahoney, A. C. and Hornibrook, J. M.
		  and Doherty, A. C. and Lu, H. and Gossard, A. C. and
		  Reilly, D. J.},
  month		= jan,
  year		= {2013}
}

@Article{	  schreiber_quantum_2014,
  title		= {Quantum computation: {Silicon} comes back},
  volume	= {9},
  shorttitle	= {Quantum computation},
  url		= {https://doi.org/10.1038/nnano.2014.249},
  number	= {12},
  journal	= {Nature nanotechnology},
  author	= {Schreiber, Lars R. and Bluhm, Hendrik},
  year		= {2014},
  pages		= {966}
}

@Article{	  ithier_decoherence_2005,
  title		= {Decoherence in a superconducting quantum bit circuit},
  volume	= {72},
  issn		= {1098-0121, 1550-235X},
  url		= {https://link.aps.org/doi/10.1103/PhysRevB.72.134519},
  doi		= {10.1103/PhysRevB.72.134519},
  language	= {en},
  number	= {13},
  urldate	= {2018-05-11},
  journal	= {Physical Review B},
  author	= {Ithier, G. and Collin, E. and Joyez, P. and Meeson, P. J.
		  and Vion, D. and Esteve, D. and Chiarello, F. and Shnirman,
		  A. and Makhlin, Y. and Schriefl, J. and Sch{\"o}n, G.},
  month		= oct,
  year		= {2005}
}

@Article{	  shrivastava_theory_1983,
  title		= {Theory of {Spin}{\textendash}{Lattice} {Relaxation}},
  volume	= {117},
  issn		= {03701972, 15213951},
  url		= {http://doi.wiley.com/10.1002/pssb.2221170202},
  doi		= {10.1002/pssb.2221170202},
  language	= {en},
  number	= {2},
  urldate	= {2019-01-03},
  journal	= {physica status solidi (b)},
  author	= {Shrivastava, K. N.},
  month		= jun,
  year		= {1983},
  pages		= {437--458}
}

@Article{	  wootters_statistical_1981,
  title		= {Statistical distance and {Hilbert} space},
  volume	= {23},
  issn		= {0556-2821},
  url		= {https://link.aps.org/doi/10.1103/PhysRevD.23.357},
  doi		= {10.1103/PhysRevD.23.357},
  language	= {en},
  number	= {2},
  urldate	= {2019-07-08},
  journal	= {Physical Review D},
  author	= {Wootters, W. K.},
  month		= jan,
  year		= {1981},
  pages		= {357--362}
}

@Article{	  epstein_investigating_2014,
  title		= {Investigating the limits of randomized benchmarking
		  protocols},
  volume	= {89},
  issn		= {1050-2947, 1094-1622},
  url		= {https://link.aps.org/doi/10.1103/PhysRevA.89.062321},
  doi		= {10.1103/PhysRevA.89.062321},
  language	= {en},
  number	= {6},
  urldate	= {2019-10-16},
  journal	= {Physical Review A},
  author	= {Epstein, Jeffrey M. and Cross, Andrew W. and Magesan,
		  Easwar and Gambetta, Jay M.},
  month		= jun,
  year		= {2014},
  pages		= {062321}
}

@Article{	  loss_quantum_1998,
  title		= {Quantum computation with quantum dots},
  volume	= {57},
  issn		= {1050-2947, 1094-1622},
  url		= {https://link.aps.org/doi/10.1103/PhysRevA.57.120},
  doi		= {10.1103/PhysRevA.57.120},
  language	= {en},
  number	= {1},
  urldate	= {2020-02-21},
  journal	= {Physical Review A},
  author	= {Loss, Daniel and DiVincenzo, David P.},
  month		= jan,
  year		= {1998},
  pages		= {120--126}
}

@Article{	  watzinger_heavy-hole_2016,
  title		= {Heavy-{Hole} {States} in {Germanium} {Hut} {Wires}},
  volume	= {16},
  issn		= {1530-6984, 1530-6992},
  url		= {https://pubs.acs.org/doi/10.1021/acs.nanolett.6b02715},
  doi		= {10.1021/acs.nanolett.6b02715},
  language	= {en},
  number	= {11},
  urldate	= {2020-03-12},
  journal	= {Nano Letters},
  author	= {Watzinger, Hannes and Kloeffel, Christoph and Vuku{\v
		  s}i{\'c}, Lada and Rossell, Marta D. and Sessi, Violetta
		  and Kuku{\v c}ka, Josip and Kirchschlager, Raimund and
		  Lausecker, Elisabeth and Truhlar, Alisha and Glaser, Martin
		  and Rastelli, Armando and Fuhrer, Andreas and Loss, Daniel
		  and Katsaros, Georgios},
  month		= nov,
  year		= {2016},
  pages		= {6879--6885}
}

@Article{	  gonzalez-zalba_probing_2015,
  title		= {Probing the limits of gate-based charge sensing},
  volume	= {6},
  issn		= {2041-1723},
  url		= {http://www.nature.com/articles/ncomms7084},
  doi		= {10.1038/ncomms7084},
  language	= {en},
  number	= {1},
  urldate	= {2020-05-31},
  journal	= {Nature Communications},
  author	= {Gonzalez-Zalba, M. F. and Barraud, S. and Ferguson, A. J.
		  and Betz, A. C.},
  month		= may,
  year		= {2015},
  pages		= {6084}
}

@Article{	  tahan_democratizing_2020,
  title		= {Democratizing {Spin} {Qubits}},
  url		= {http://arxiv.org/abs/2001.08251},
  language	= {en},
  urldate	= {2020-06-03},
  journal	= {arXiv:2001.08251 [cond-mat, physics:quant-ph]},
  author	= {Tahan, Charles},
  month		= jan,
  year		= {2020},
  note		= {arXiv: 2001.08251}
}

@Article{	  redfield_nuclear_1955,
  title		= {Nuclear {Magnetic} {Resonance} {Saturation} and {Rotary}
		  {Saturation} in {Solids}},
  volume	= {98},
  issn		= {0031-899X},
  url		= {https://link.aps.org/doi/10.1103/PhysRev.98.1787},
  doi		= {10.1103/PhysRev.98.1787},
  language	= {en},
  number	= {6},
  urldate	= {2020-10-19},
  journal	= {Physical Review},
  author	= {Redfield, Alfred G.},
  month		= jun,
  year		= {1955},
  pages		= {1787--1809}
}

@Article{	  gonzalez-zalba_scaling_2020,
  title		= {Scaling silicon-based quantum computing using {CMOS}
		  technology: {State}-of-the-art, {Challenges} and
		  {Perspectives}},
  shorttitle	= {Scaling silicon-based quantum computing using {CMOS}
		  technology},
  url		= {http://arxiv.org/abs/2011.11753},
  language	= {en},
  urldate	= {2020-12-10},
  journal	= {arXiv:2011.11753 [cond-mat, physics:quant-ph]},
  author	= {Gonzalez-Zalba, M. F. and de Franceschi, S. and Charbon,
		  E. and Meunier, T. and Vinet, M. and Dzurak, A. S.},
  month		= nov,
  year		= {2020},
  note		= {arXiv: 2011.11753}
}

@Article{	  devitt_quantum_2013,
  title		= {Quantum {Error} {Correction} for {Beginners}},
  volume	= {76},
  issn		= {0034-4885, 1361-6633},
  url		= {http://arxiv.org/abs/0905.2794},
  doi		= {10.1088/0034-4885/76/7/076001},
  language	= {en},
  number	= {7},
  urldate	= {2021-01-25},
  journal	= {Reports on Progress in Physics},
  author	= {Devitt, Simon J. and Nemoto, Kae and Munro, William J.},
  month		= jul,
  year		= {2013},
  note		= {arXiv: 0905.2794},
  pages		= {076001}
}

@Book{		  slichter_principles_1996,
  address	= {Berlin ; New York},
  edition	= {3rd enl. and updated ed},
  series	= {Springer series in solid-state sciences},
  title		= {Principles of magnetic resonance},
  isbn		= {978-3-540-50157-2 978-0-387-50157-4},
  number	= {1},
  publisher	= {Springer},
  author	= {Slichter, Charles P.},
  year		= {1996}
}

@Article{	  hahn_spin_1950,
  title		= {Spin {Echoes}},
  volume	= {80},
  issn		= {0031-899X},
  url		= {https://link.aps.org/doi/10.1103/PhysRev.80.580},
  doi		= {10.1103/PhysRev.80.580},
  language	= {en},
  number	= {4},
  urldate	= {2021-02-25},
  journal	= {Physical Review},
  author	= {Hahn, E. L.},
  month		= nov,
  year		= {1950},
  pages		= {580--594}
}

@Article{	  alvarez_performance_2010,
  title		= {Performance comparison of dynamical decoupling sequences
		  for a qubit in a rapidly fluctuating spin bath},
  volume	= {82},
  issn		= {1050-2947, 1094-1622},
  url		= {https://link.aps.org/doi/10.1103/PhysRevA.82.042306},
  doi		= {10.1103/PhysRevA.82.042306},
  language	= {en},
  number	= {4},
  urldate	= {2021-02-25},
  journal	= {Physical Review A},
  author	= {{\'A}lvarez, Gonzalo A. and Ajoy, Ashok and Peng, Xinhua
		  and Suter, Dieter},
  month		= oct,
  year		= {2010},
  pages		= {042306}
}

@Article{	  bloch_nuclear_1946,
  title		= {Nuclear {Induction}},
  volume	= {70},
  issn		= {0031-899X},
  url		= {https://link.aps.org/doi/10.1103/PhysRev.70.460},
  doi		= {10.1103/PhysRev.70.460},
  language	= {en},
  number	= {7-8},
  urldate	= {2021-02-25},
  journal	= {Physical Review},
  author	= {Bloch, F.},
  month		= oct,
  year		= {1946},
  pages		= {460--474}
}

@Article{	  jozsa_fidelity_1994,
  title		= {Fidelity for {Mixed} {Quantum} {States}},
  volume	= {41},
  issn		= {0950-0340, 1362-3044},
  url		= {http://www.tandfonline.com/doi/abs/10.1080/09500349414552171},
  doi		= {10.1080/09500349414552171},
  language	= {en},
  number	= {12},
  urldate	= {2021-03-07},
  journal	= {Journal of Modern Optics},
  author	= {Jozsa, Richard},
  month		= dec,
  year		= {1994},
  pages		= {2315--2323}
}

@Article{	  gottesman_theory_1998,
  title		= {Theory of fault-tolerant quantum computation},
  volume	= {57},
  issn		= {1050-2947, 1094-1622},
  url		= {https://link.aps.org/doi/10.1103/PhysRevA.57.127},
  doi		= {10.1103/PhysRevA.57.127},
  language	= {en},
  number	= {1},
  urldate	= {2021-03-07},
  journal	= {Physical Review A},
  author	= {Gottesman, Daniel},
  month		= jan,
  year		= {1998},
  pages		= {127--137}
}

@Article{	  heinosaari_guide_2008,
  title		= {Guide to mathematical concepts of quantum theory},
  volume	= {58},
  issn		= {0323-0465},
  url		= {http://www.physics.sk/aps/pubs/2008/aps-08-04/aps-08-04.pdf},
  number	= {4},
  journal	= {Acta Physica Slovaca},
  author	= {Heinosaari, Teiko and Ziman, M{\'a}rio},
  year		= {2008},
  pages		= {487--674}
}

@Article{	  chatterjee_semiconductor_2021,
  title		= {Semiconductor qubits in practice},
  volume	= {3},
  issn		= {2522-5820},
  url		= {http://www.nature.com/articles/s42254-021-00283-9},
  doi		= {10.1038/s42254-021-00283-9},
  language	= {en},
  number	= {3},
  urldate	= {2021-03-12},
  journal	= {Nature Reviews Physics},
  author	= {Chatterjee, Anasua and Stevenson, Paul and De Franceschi,
		  Silvano and Morello, Andrea and de Leon, Nathalie P. and
		  Kuemmeth, Ferdinand},
  month		= mar,
  year		= {2021},
  pages		= {157--177}
}

@Article{	  fischer_dealing_2009,
  title		= {Dealing with {Decoherence}},
  volume	= {324},
  issn		= {0036-8075, 1095-9203},
  url		= {https://www.sciencemag.org/lookup/doi/10.1126/science.1169554},
  doi		= {10.1126/science.1169554},
  language	= {en},
  number	= {5932},
  urldate	= {2021-03-17},
  journal	= {Science},
  author	= {Fischer, J. and Loss, D.},
  month		= jun,
  year		= {2009},
  pages		= {1277--1278}
}

@Article{	  vandersypen_quantum_2019,
  title		= {Quantum computing with semiconductor spins},
  volume	= {72},
  issn		= {0031-9228, 1945-0699},
  url		= {http://physicstoday.scitation.org/doi/10.1063/PT.3.4270},
  doi		= {10.1063/PT.3.4270},
  language	= {en},
  number	= {8},
  urldate	= {2021-04-07},
  journal	= {Physics Today},
  author	= {Vandersypen, Lieven M. K. and Eriksson, Mark A.},
  month		= aug,
  year		= {2019},
  pages		= {38--45}
}

@Article{	  kane_silicon-based_1998,
  title		= {A silicon-based nuclear spin quantum computer},
  volume	= {393},
  issn		= {1476-4687},
  url		= {https://doi.org/10.1038/30156},
  doi		= {10.1038/30156},
  number	= {6681},
  journal	= {Nature},
  author	= {Kane, B. E.},
  month		= may,
  year		= {1998},
  pages		= {133--137}
}

@Article{	  kuemmeth_roadmap_2020,
  title		= {Roadmap for gallium arsenide spin qubits},
  url		= {http://arxiv.org/abs/2011.13907},
  urldate	= {2021-05-06},
  journal	= {arXiv:2011.13907 [cond-mat, physics:quant-ph]},
  author	= {Kuemmeth, Ferdinand and Bluhm, Hendrik},
  month		= nov,
  year		= {2020},
  note		= {arXiv: 2011.13907}
}

@Article{	  blume-kohout_demonstration_2017,
  title		= {Demonstration of qubit operations below a rigorous fault
		  tolerance threshold with gate set tomography},
  volume	= {8},
  issn		= {2041-1723},
  url		= {http://www.nature.com/articles/ncomms14485},
  doi		= {10.1038/ncomms14485},
  language	= {en},
  number	= {1},
  urldate	= {2021-05-17},
  journal	= {Nature Communications},
  author	= {Blume-Kohout, Robin and Gamble, John King and Nielsen,
		  Erik and Rudinger, Kenneth and Mizrahi, Jonathan and
		  Fortier, Kevin and Maunz, Peter},
  month		= apr,
  year		= {2017},
  pages		= {14485}
}

@Article{	  hauss_single-qubit_2008,
  title		= {Single-{Qubit} {Lasing} and {Cooling} at the {Rabi}
		  {Frequency}},
  volume	= {100},
  issn		= {0031-9007, 1079-7114},
  url		= {https://link.aps.org/doi/10.1103/PhysRevLett.100.037003},
  doi		= {10.1103/PhysRevLett.100.037003},
  language	= {en},
  number	= {3},
  urldate	= {2021-06-02},
  journal	= {Physical Review Letters},
  author	= {Hauss, Julian and Fedorov, Arkady and Hutter, Carsten and
		  Shnirman, Alexander and Sch{\"o}n, Gerd},
  month		= jan,
  year		= {2008},
  pages		= {037003}
}

@Article{	  magesan_characterizing_2012,
  title		= {Characterizing quantum gates via randomized benchmarking},
  volume	= {85},
  issn		= {1050-2947, 1094-1622},
  url		= {https://link.aps.org/doi/10.1103/PhysRevA.85.042311},
  doi		= {10.1103/PhysRevA.85.042311},
  language	= {en},
  number	= {4},
  urldate	= {2021-06-08},
  journal	= {Physical Review A},
  author	= {Magesan, Easwar and Gambetta, Jay M. and Emerson, Joseph},
  month		= apr,
  year		= {2012},
  pages		= {042311}
}

@Article{	  cywinski_how_2008,
  title		= {How to enhance dephasing time in superconducting qubits},
  volume	= {77},
  issn		= {1098-0121, 1550-235X},
  url		= {https://link.aps.org/doi/10.1103/PhysRevB.77.174509},
  doi		= {10.1103/PhysRevB.77.174509},
  language	= {en},
  number	= {17},
  urldate	= {2021-06-11},
  journal	= {Physical Review B},
  author	= {Cywi{\'n}ski, {\L }ukasz and Lutchyn, Roman M. and Nave,
		  Cody P. and Das Sarma, S.},
  month		= may,
  year		= {2008},
  pages		= {174509}
}

@Misc{		  yamamoto_decoherence_2013,
  title		= {Decoherence, refocusing and dynamical decoupling of spin
		  qubits},
  url		= {https://www.nii.ac.jp/qis/first-quantum/e/forStudents/lecture/},
  author	= {Yamamoto, Yoshihisa},
  year		= {2013}
}

@Article{	  sanders_bounding_2015,
  title		= {Bounding quantum gate error rate based on reported average
		  fidelity},
  volume	= {18},
  issn		= {1367-2630},
  url		= {https://iopscience.iop.org/article/10.1088/1367-2630/18/1/012002},
  doi		= {10.1088/1367-2630/18/1/012002},
  language	= {en},
  number	= {1},
  urldate	= {2021-06-14},
  journal	= {New Journal of Physics},
  author	= {Sanders, Yuval R and Wallman, Joel J and Sanders, Barry
		  C},
  month		= dec,
  year		= {2015},
  pages		= {012002}
}

@Book{		  blum_density_1996,
  address	= {Boston, MA},
  title		= {Density {Matrix} {Theory} and {Applications}},
  isbn		= {978-1-4419-3257-0 978-1-4757-4931-1},
  language	= {English},
  publisher	= {Springer US},
  author	= {Blum, Karl},
  year		= {1996},
  note		= {OCLC: 905455687}
}

@Article{	  fabian_semiconductor_2007,
  title		= {Semiconductor spintronics},
  volume	= {57},
  issn		= {1336-040X, 0323-0465},
  url		= {https://www.degruyter.com/doi/10.2478/v10155-010-0086-8},
  doi		= {10.2478/v10155-010-0086-8},
  number	= {4-5},
  urldate	= {2021-06-15},
  journal	= {Acta Physica Slovaca. Reviews and Tutorials},
  author	= {Fabian, Jaroslav and Matos-Abiague, Alex and Ertler,
		  Christian and Stano, Peter and {\v Z}uti{\'c}, Igor},
  month		= aug,
  year		= {2007}
}

@Article{	  schupp_sensitive_2020,
  title		= {Sensitive radiofrequency readout of quantum dots using an
		  ultra-low-noise {SQUID} amplifier},
  volume	= {127},
  issn		= {0021-8979, 1089-7550},
  url		= {http://aip.scitation.org/doi/10.1063/5.0005886},
  doi		= {10.1063/5.0005886},
  language	= {en},
  number	= {24},
  urldate	= {2021-07-29},
  journal	= {Journal of Applied Physics},
  author	= {Schupp, F. J. and Vigneau, F. and Wen, Y. and Mavalankar,
		  A. and Griffiths, J. and Jones, G. A. C. and Farrer, I. and
		  Ritchie, D. A. and Smith, C. G. and Camenzind, L. C. and
		  Yu, L. and Zumb{\"u}hl, D. M. and Briggs, G. A. D. and
		  Ares, N. and Laird, E. A.},
  month		= jun,
  year		= {2020},
  pages		= {244503}
}

@Article{	  magesan_efficient_2012,
  title		= {Efficient {Measurement} of {Quantum} {Gate} {Error} by
		  {Interleaved} {Randomized} {Benchmarking}},
  volume	= {109},
  issn		= {0031-9007, 1079-7114},
  url		= {https://link.aps.org/doi/10.1103/PhysRevLett.109.080505},
  doi		= {10.1103/PhysRevLett.109.080505},
  language	= {en},
  number	= {8},
  urldate	= {2021-07-29},
  journal	= {Physical Review Letters},
  author	= {Magesan, Easwar and Gambetta, Jay M. and Johnson, B. R.
		  and Ryan, Colm A. and Chow, Jerry M. and Merkel, Seth T.
		  and da Silva, Marcus P. and Keefe, George A. and Rothwell,
		  Mary B. and Ohki, Thomas A. and Ketchen, Mark B. and
		  Steffen, M.},
  month		= aug,
  year		= {2012},
  pages		= {080505}
}

@Article{	  gilchrist_distance_2005,
  title		= {Distance measures to compare real and ideal quantum
		  processes},
  volume	= {71},
  issn		= {1050-2947, 1094-1622},
  url		= {https://link.aps.org/doi/10.1103/PhysRevA.71.062310},
  doi		= {10.1103/PhysRevA.71.062310},
  language	= {en},
  number	= {6},
  urldate	= {2021-10-28},
  journal	= {Physical Review A},
  author	= {Gilchrist, Alexei and Langford, Nathan K. and Nielsen,
		  Michael A.},
  month		= jun,
  year		= {2005},
  pages		= {062310}
}

@Article{	  ezzouch_dispersively_2021,
  title		= {Dispersively {Probed} {Microwave} {Spectroscopy} of a
		  {Silicon} {Hole} {Double} {Quantum} {Dot}},
  volume	= {16},
  issn		= {2331-7019},
  url		= {https://link.aps.org/doi/10.1103/PhysRevApplied.16.034031},
  doi		= {10.1103/PhysRevApplied.16.034031},
  language	= {en},
  number	= {3},
  urldate	= {2021-11-04},
  journal	= {Physical Review Applied},
  author	= {Ezzouch, Rami and Zihlmann, Simon and Michal, Vincent P.
		  and Li, Jing and Apr{\'a}, Agostino and Bertrand, Benoit
		  and Hutin, Louis and Vinet, Maud and Urdampilleta, Matias
		  and Meunier, Tristan and Jehl, Xavier and Niquet,
		  Yann-Michel and Sanquer, Marc and De Franceschi, Silvano
		  and Maurand, Romain},
  month		= sep,
  year		= {2021},
  pages		= {034031}
}

@Article{	  wang_graphene_2010,
  title		= {A graphene quantum dot with a single electron transistor
		  as an integrated charge sensor},
  volume	= {97},
  issn		= {0003-6951, 1077-3118},
  url		= {http://aip.scitation.org/doi/10.1063/1.3533021},
  doi		= {10.1063/1.3533021},
  language	= {en},
  number	= {26},
  urldate	= {2022-01-24},
  journal	= {Applied Physics Letters},
  author	= {Wang, Lin-Jun and Cao, Gang and Tu, Tao and Li, Hai-Ou and
		  Zhou, Cheng and Hao, Xiao-Jie and Su, Zhan and Guo,
		  Guang-Can and Jiang, Hong-Wen and Guo, Guo-Ping},
  month		= dec,
  year		= {2010},
  pages		= {262113}
}

@Article{	  fringes_charge_2011,
  title		= {Charge detection in a bilayer graphene quantum dot},
  volume	= {248},
  issn		= {03701972},
  url		= {http://arxiv.org/abs/1110.5811},
  doi		= {10.1002/pssb.201100189},
  language	= {en},
  number	= {11},
  urldate	= {2022-01-30},
  journal	= {physica status solidi (b)},
  author	= {Fringes, Stefan and Volk, Christian and Norda, Caroline
		  and Terr{\'e}s, Bernat and Dauber, Jan and Engels, Stephan
		  and Trellenkamp, Stefan and Stampfer, Christoph},
  month		= nov,
  year		= {2011},
  note		= {arXiv: 1110.5811},
  pages		= {2684--2687}
}

@Article{	  scappucci_germanium_2021,
  title		= {The germanium quantum information route},
  volume	= {6},
  issn		= {2058-8437},
  url		= {https://www.nature.com/articles/s41578-020-00262-z},
  doi		= {10.1038/s41578-020-00262-z},
  language	= {en},
  number	= {10},
  urldate	= {2022-02-06},
  journal	= {Nature Reviews Materials},
  author	= {Scappucci, Giordano and Kloeffel, Christoph and
		  Zwanenburg, Floris A. and Loss, Daniel and Myronov, Maksym
		  and Zhang, Jian-Jun and De Franceschi, Silvano and
		  Katsaros, Georgios and Veldhorst, Menno},
  month		= oct,
  year		= {2021},
  pages		= {926--943}
}

@Article{	  burkard_semiconductor_2021,
  title		= {Semiconductor {Spin} {Qubits}},
  url		= {http://arxiv.org/abs/2112.08863},
  language	= {en},
  urldate	= {2022-02-13},
  journal	= {arXiv:2112.08863 [cond-mat, physics:physics,
		  physics:quant-ph]},
  author	= {Burkard, Guido and Ladd, Thaddeus D. and Nichol, John M.
		  and Pan, Andrew and Petta, Jason R.},
  month		= dec,
  year		= {2021},
  note		= {arXiv: 2112.08863}
}

@Book{		  mermin_quantum_2007,
  address	= {Cambridge},
  title		= {Quantum computer science: an introduction},
  isbn		= {978-0-521-87658-2},
  shorttitle	= {Quantum computer science},
  publisher	= {Cambridge University Press},
  author	= {Mermin, N. David},
  year		= {2007},
  note		= {OCLC: ocn137221653}
}

@Article{	  takeda_quantum_2022,
  title		= {Quantum error correction with silicon spin qubits},
  url		= {http://arxiv.org/abs/2201.08581},
  urldate	= {2022-04-28},
  journal	= {arXiv:2201.08581 [cond-mat, physics:quant-ph]},
  author	= {Takeda, Kenta and Noiri, Akito and Nakajima, Takashi and
		  Kobayashi, Takashi and Tarucha, Seigo},
  month		= jan,
  year		= {2022},
  note		= {arXiv: 2201.08581}
}

@Misc{		  noauthor_notitle_nodate,
  url		= {https://github.com/PeterStano/ReviewOfSpinQubits}
}

@Misc{		  stano_notitle_2022,
  type		= {{GitHub} repository},
  url		= {https://github.com/PeterStano/ReviewOfSpinQubits},
  journal	= {ReviewOfSpinQubits},
  author	= {Stano, Peter},
  year		= {2022}
}
